{
  "leader": "04700cam a2200469 a 4500",
  "fields": [
    {
      "001": "ocm11754317\\"
    },
    {
      "003": "OCoLC"
    },
    {
      "005": "20220701170020.0"
    },
    {
      "008": "850201s1985\\\\\\\\cou\\\\\\\\\\\\b\\\\\\\\000\\0\\eng\\\\"
    },
    {
      "010": {
        "ind1": "\\",
        "ind2": "\\",
        "subfields": [
          {
            "a": "   85003199 "
          }
        ]
      }
    },
    {
      "040": {
        "ind1": "\\",
        "ind2": "\\",
        "subfields": [
          {
            "a": "DLC"
          },
          {
            "b": "eng"
          },
          {
            "c": "DLC"
          },
          {
            "d": "UV{dollar}"
          },
          {
            "d": "NLGGC"
          },
          {
            "d": "XND"
          },
          {
            "d": "BTCTA"
          },
          {
            "d": "OCLCQ"
          },
          {
            "d": "BAKER"
          },
          {
            "d": "YDXCP"
          },
          {
            "d": "OCLCG"
          },
          {
            "d": "GEBAY"
          },
          {
            "d": "TULIB"
          },
          {
            "d": "BDX"
          },
          {
            "d": "GBVCP"
          },
          {
            "d": "OCLCO"
          },
          {
            "d": "OCLCF"
          },
          {
            "d": "OCLCQ"
          },
          {
            "d": "UCDLL"
          },
          {
            "d": "OCLCQ"
          },
          {
            "d": "DEBBG"
          },
          {
            "d": "OCLCQ"
          },
          {
            "d": "CUH"
          },
          {
            "d": "NLC"
          },
          {
            "d": "OCLCQ"
          },
          {
            "d": "OCLCO"
          },
          {
            "d": "OCLCA"
          },
          {
            "d": "BDP"
          },
          {
            "d": "OCLCA"
          },
          {
            "d": "OCLCO"
          }
        ]
      }
    },
    {
      "016": {
        "ind1": "\\",
        "ind2": "\\",
        "subfields": [
          {
            "a": "(AMICUS)000005635174"
          }
        ]
      }
    },
    {
      "019": {
        "ind1": "\\",
        "ind2": "\\",
        "subfields": [
          {
            "a": "1145262199"
          },
          {
            "a": "1153217680"
          },
          {
            "a": "1166544427"
          }
        ]
      }
    },
    {
      "020": {
        "ind1": "\\",
        "ind2": "\\",
        "subfields": [
          {
            "a": "0813370590"
          }
        ]
      }
    },
    {
      "020": {
        "ind1": "\\",
        "ind2": "\\",
        "subfields": [
          {
            "a": "9780813370590"
          }
        ]
      }
    },
    {
      "020": {
        "ind1": "\\",
        "ind2": "\\",
        "subfields": [
          {
            "a": "0813371147"
          },
          {
            "q": "(pbk.)"
          }
        ]
      }
    },
    {
      "020": {
        "ind1": "\\",
        "ind2": "\\",
        "subfields": [
          {
            "a": "9780813371146"
          },
          {
            "q": "(pbk.)"
          }
        ]
      }
    },
    {
      "035": {
        "ind1": "\\",
        "ind2": "\\",
        "subfields": [
          {
            "a": "(OCoLC)11754317"
          },
          {
            "z": "(OCoLC)1145262199"
          },
          {
            "z": "(OCoLC)1153217680"
          },
          {
            "z": "(OCoLC)1166544427"
          }
        ]
      }
    },
    {
      "043": {
        "ind1": "\\",
        "ind2": "\\",
        "subfields": [
          {
            "a": "n-us---"
          }
        ]
      }
    },
    {
      "050": {
        "ind1": "0",
        "ind2": "0",
        "subfields": [
          {
            "a": "KF4549"
          },
          {
            "b": ".R44 1985"
          }
        ]
      }
    },
    {
      "055": {
        "ind1": "\\",
        "ind2": "4",
        "subfields": [
          {
            "a": "JK271 R44"
          }
        ]
      }
    },
    {
      "082": {
        "ind1": "0",
        "ind2": "0",
        "subfields": [
          {
            "a": "342.7303"
          },
          {
            "b": "REF"
          }
        ]
      }
    },
    {
      "245": {
        "ind1": "0",
        "ind2": "0",
        "subfields": [
          {
            "a": "Reforming American government :"
          },
          {
            "b": "the bicentennial papers of the Committee on the Constitutional System /"
          },
          {
            "c": "edited by Donald L. Robinson."
          }
        ]
      }
    },
    {
      "260": {
        "ind1": "\\",
        "ind2": "\\",
        "subfields": [
          {
            "a": "Boulder :"
          },
          {
            "b": "Westview Press,"
          },
          {
            "c": "1985."
          }
        ]
      }
    },
    {
      "300": {
        "ind1": "\\",
        "ind2": "\\",
        "subfields": [
          {
            "a": "xvi, 334 pages ;"
          },
          {
            "c": "23 cm"
          }
        ]
      }
    },
    {
      "336": {
        "ind1": "\\",
        "ind2": "\\",
        "subfields": [
          {
            "a": "text"
          },
          {
            "b": "txt"
          },
          {
            "2": "rdacontent"
          }
        ]
      }
    },
    {
      "337": {
        "ind1": "\\",
        "ind2": "\\",
        "subfields": [
          {
            "a": "unmediated"
          },
          {
            "b": "n"
          },
          {
            "2": "rdamedia"
          }
        ]
      }
    },
    {
      "338": {
        "ind1": "\\",
        "ind2": "\\",
        "subfields": [
          {
            "a": "volume"
          },
          {
            "b": "nc"
          },
          {
            "2": "rdacarrier"
          }
        ]
      }
    },
    {
      "504": {
        "ind1": "\\",
        "ind2": "\\",
        "subfields": [
          {
            "a": "Includes bibliographical references (pages 328-332)."
          }
        ]
      }
    },
    {
      "520": {
        "ind1": "\\",
        "ind2": "\\",
        "subfields": [
          {
            "a": "\"The bicentennial papers of the Committee on the Constitutional System.\""
          }
        ]
      }
    },
    {
      "505": {
        "ind1": "0",
        "ind2": "\\",
        "subfields": [
          {
            "a": "Diagnoses of the problem -- II. Reforms of the electoral system -- III. Reducing the risk of divided government -- IV. Breaking deadlocks -- V. The amending process -- VI. Other constitutions."
          }
        ]
      }
    },
    {
      "505": {
        "ind1": "0",
        "ind2": "0",
        "subfields": [
          {
            "g": "Foreword /"
          },
          {
            "r": "Nancy Landon Kassebaum, Lloyd N. Cutler, C. Douglas Dillon, co-chairs, Committee on the Constitutional System --"
          },
          {
            "g": "Preface /"
          },
          {
            "r": "Donald L. Robinson --"
          },
          {
            "t": "The crisis and its cure /"
          },
          {
            "r": "Charles Hardin --"
          },
          {
            "t": "To form a government /"
          },
          {
            "r": "Lloyd N. Cutler --"
          },
          {
            "t": "The challenge of modern governance /"
          },
          {
            "r": "C. Douglas Dillon --"
          },
          {
            "t": "Statement on campaign finance /"
          },
          {
            "r": "Nancy Landon Kassebaum --"
          },
          {
            "t": "The moral equivalent of defeat /"
          },
          {
            "r": "Lester Thurow --"
          },
          {
            "t": "Words of caution about structural change /"
          },
          {
            "r": "Don K. Price --"
          },
          {
            "t": "Leave the Constitution alone /"
          },
          {
            "r": "Arthur M. Schlesinger, Jr. --"
          },
          {
            "t": "A rebuttal to Arthur Schlesinger, Jr. /"
          },
          {
            "r": "Lloyd N. Cutler, C. Douglas Dillon --"
          },
          {
            "t": "Why think about constitutional reform? /"
          },
          {
            "r": "James M. Burns --"
          },
          {
            "t": "A remedy for defects in the federal system /"
          },
          {
            "r": "Neal R. Pierce --"
          },
          {
            "t": "Priorities in governmental reform /"
          },
          {
            "r": "Elmer Staats --"
          },
          {
            "t": "A statement on the problem /"
          },
          {
            "r": "Committee on the Constitutional System --"
          },
          {
            "t": "\"Tis done, but 'tis never done /"
          },
          {
            "r": "Alexander Heard --"
          },
          {
            "t": "Reversing the decay of party /"
          },
          {
            "r": "James L. Sundquist --"
          },
          {
            "t": "Party government under the Constitution /"
          },
          {
            "r": "Lloyd N. Cutler --"
          },
          {
            "t": "The impact of television /"
          },
          {
            "r": "Newton Minow --"
          },
          {
            "t": "Cabinet government in the United States /"
          },
          {
            "r": "Woodrow Wilson --"
          },
          {
            "t": "In defense of the presidential system /"
          },
          {
            "r": "Harold Laski --"
          },
          {
            "t": "Cabinet members on the floor of Congress /"
          },
          {
            "r": "Thomas K. Finletter --"
          },
          {
            "t": "Toward a new constitution /"
          },
          {
            "r": "Charles Hardin --"
          },
          {
            "t": "To encourage cooperation /"
          },
          {
            "r": "Henry Reuss --"
          },
          {
            "t": "The power to lead /"
          },
          {
            "r": "James M. Burns --"
          },
          {
            "t": "Balance the budget /"
          },
          {
            "r": "Dick Thornburgh --"
          },
          {
            "t": "The single, six-year term for presidents /"
          },
          {
            "r": "The Jefferson Foundation --"
          },
          {
            "t": "An American parliament /"
          },
          {
            "r": "Kevin Phillips --"
          },
          {
            "t": "A coalition government /"
          },
          {
            "r": "Theodore C. Sorenson --"
          },
          {
            "t": "Presidential dissolution /"
          },
          {
            "r": "William Yandell Elliott --"
          },
          {
            "t": "A congressional vote of no confidence /"
          },
          {
            "r": "Henry Reuss --"
          },
          {
            "t": "The inadequacy of impeachment /"
          },
          {
            "r": "Hans A. Linde --"
          },
          {
            "t": "The British experience /"
          },
          {
            "r": "Samuel Beer --"
          },
          {
            "t": "A critique of the Reuss proposal /"
          },
          {
            "r": "Allan Sindler --"
          },
          {
            "t": "The case for an easier method to remove presidents /"
          },
          {
            "r": "James L. Sundquist --"
          },
          {
            "t": "No-confidence will not work in America /"
          },
          {
            "r": "Bob Eckhardt, Charles L. Black, Jr. --"
          },
          {
            "t": "Immigration and Naturalization Service vs. Chadha : a discussion in the Supreme Court --"
          },
          {
            "t": "The implications of Chadha /"
          },
          {
            "r": "James L. Sundquist --"
          },
          {
            "t": "Why risk a constitutional convention? /"
          },
          {
            "r": "C. Herman Pritchett --"
          },
          {
            "t": "What constitutional changes do Americans want? /"
          },
          {
            "r": "Austin Ranney --"
          },
          {
            "t": "When states amend their constitutions /"
          },
          {
            "r": "A.E. Dick Howard --"
          },
          {
            "t": "Modern European constitutions and their relevance in the American context /"
          },
          {
            "r": "Lloyd N. Cutler --"
          },
          {
            "t": "Reflections of a modern framer /"
          },
          {
            "r": "Michel Debre\u0301."
          }
        ]
      }
    },
    {
      "650": {
        "ind1": "\\",
        "ind2": "0",
        "subfields": [
          {
            "a": "Constitutional law"
          },
          {
            "z": "United States."
          }
        ]
      }
    },
    {
      "650": {
        "ind1": "\\",
        "ind2": "7",
        "subfields": [
          {
            "a": "Constitutional law."
          },
          {
            "2": "fast"
          },
          {
            "0": "(OCoLC)fst00875797"
          }
        ]
      }
    },
    {
      "651": {
        "ind1": "\\",
        "ind2": "7",
        "subfields": [
          {
            "a": "United States."
          },
          {
            "2": "fast"
          },
          {
            "0": "(OCoLC)fst01204155"
          }
        ]
      }
    },
    {
      "700": {
        "ind1": "1",
        "ind2": "\\",
        "subfields": [
          {
            "a": "Robinson, Donald L.,"
          },
          {
            "d": "1936-"
          }
        ]
      }
    },
    {
      "710": {
        "ind1": "2",
        "ind2": "\\",
        "subfields": [
          {
            "a": "Committee on the Constitutional System (U.S.)"
          }
        ]
      }
    },
    {
      "776": {
        "ind1": "0",
        "ind2": "8",
        "subfields": [
          {
            "i": "Online version:"
          },
          {
            "t": "Reforming American government."
          },
          {
            "d": "Boulder : Westview Press, 1985"
          },
          {
            "w": "(OCoLC)568744231"
          }
        ]
      }
    },
    {
      "776": {
        "ind1": "0",
        "ind2": "8",
        "subfields": [
          {
            "i": "Online version:"
          },
          {
            "t": "Reforming American government."
          },
          {
            "d": "Boulder : Westview Press, 1985"
          },
          {
            "w": "(OCoLC)610149722"
          }
        ]
      }
    },
    {
      "994": {
        "ind1": "\\",
        "ind2": "\\",
        "subfields": [
          {
            "a": "Z0"
          },
          {
            "b": "NYRVC"
          }
        ]
      }
    },
    {
      "948": {
        "ind1": "\\",
        "ind2": "\\",
        "subfields": [
          {
            "h": "NO HOLDINGS IN NYRVC - 719 OTHER HOLDINGS"
          }
        ]
      }
    },
    {
      "999": {
        "ind1": "\\",
        "ind2": "\\",
        "subfields": [
          {
            "a": "00000000016174"
          }
        ]
      }
    }
  ]
}